<?xml version="1.0" encoding="UTF-8"?><collection xmlns="http://www.loc.gov/MARC21/slim"><record><leader>00435nam--2200169-i-4500</leader><controlfield tag="001">000001778</controlfield><controlfield tag="002">20161230</controlfield><controlfield tag="005">20170129002500</controlfield><controlfield tag="008">060222s1000------------r-----000-0-eng-d</controlfield><datafield ind1=" " ind2=" " tag="080"><subfield code="a">539.1:621.039</subfield></datafield><datafield ind1=" " ind2=" " tag="100"><subfield code="a">Glasstone, Samuel</subfield></datafield><datafield ind1=" " ind2=" " tag="245"><subfield code="a">Sourcebook on atomic energy</subfield></datafield><datafield ind1=" " ind2=" " tag="250"><subfield code="a">3rd edition</subfield></datafield><datafield ind1=" " ind2=" " tag="260"><subfield code="a">Princeton, N.J</subfield><subfield code="b">D. Van Nostrand Co.,Inc</subfield><subfield code="c">1967</subfield></datafield><datafield ind1=" " ind2=" " tag="300"><subfield code="a">VII + 883 p</subfield></datafield><datafield ind1=" " ind2=" " tag="852"><subfield code="a">29836</subfield></datafield><datafield ind1=" " ind2=" " tag="CAT"><subfield code="a">SYS</subfield><subfield code="c">20170129</subfield><subfield code="h">002500</subfield></datafield></record></collection>